@misc{yu2023application,
  title         = {Application Research of Spline Interpolation and ARIMA in the Field of Stock Market Forecasting},
  author        = {Xitai Yu},
  year          = {2023},
  eprint        = {2311.10759},
  archiveprefix = {arXiv},
  primaryclass  = {q-fin.ST}
}

@inproceedings{Ruan_2020,
  title     = {Stock Price Prediction Under Anomalous Circumstances},
  url       = {http://dx.doi.org/10.1109/BigData50022.2020.9378030},
  doi       = {10.1109/bigdata50022.2020.9378030},
  booktitle = {2020 IEEE International Conference on Big Data (Big Data)},
  publisher = {IEEE},
  author    = {Ruan, Jinlong and Wu, Wei and Luo, Jiebo},
  year      = {2020},
  month     = dec
}

@misc{rolnick2018deep,
  title         = {Deep Learning is Robust to Massive Label Noise},
  author        = {David Rolnick and Andreas Veit and Serge Belongie and Nir Shavit},
  year          = {2018},
  eprint        = {1705.10694},
  archiveprefix = {arXiv},
  primaryclass  = {cs.LG}
}

@inproceedings{9483103,
  author    = {Wu, Zhe and Rincon, David and Luo, Junwei and Christofides, Panagiotis D.},
  booktitle = {2021 American Control Conference (ACC)},
  title     = {Handling Noisy Data in Machine Learning Modeling and Predictive Control of Nonlinear Processes},
  year      = {2021},
  volume    = {},
  number    = {},
  pages     = {3345-3351},
  keywords  = {Monte Carlo methods;Gaussian noise;Training data;Machine learning;Predictive models;Data models;Chemical processes},
  doi       = {10.23919/ACC50511.2021.9483103}
}
